@article{einstein,
    author =       "Albert Einstein",
    title =        "{Zur Elektrodynamik bewegter K{\"o}rper}. ({German})
        [{On} the electrodynamics of moving bodies]",
    journal =      "Annalen der Physik",
    volume =       "322",
    number =       "10",
    pages =        "891--921",
    year =         "1905",
    DOI =          "http://dx.doi.org/10.1002/andp.19053221004"
}

@book{latexcompanion,
    author    = "Michel Goossens and Frank Mittelbach and Alexander Samarin",
    title     = "The \LaTeX\ Companion",
    year      = "1993",
    publisher = "Addison-Wesley",
    address   = "Reading, Massachusetts"
}

@misc{knuthwebsite,
    author    = "Donald Knuth",
    title     = "Knuth: Computers and Typesetting",
    url       = "http://www-cs-faculty.stanford.edu/\~{}uno/abcde.html"
}

@article{zhegalkin,
    author = {I. I. {\v Zegalkin}},
    title = {{\"Uber den Aussagenkalk\"ul in der symbolischen Logik.}},
    fjournal = {{Recueil Math\'ematique}},
    journal = {{Rec. Math. Moscou}},
    volume = {34},
    pages = {9--28},
    year = {1927},
    publisher = {Moscow Mathematical Society, Moscow},
    language = {Russian},
    zbl = {53.0043.01}
}